@misc{fog2011optimizing,
  author = {Fog, Agner},
  title = {Optimizing software in C++: An optimization guide for Windows, Linux and Mac platforms},
  year = {2011},
  howpublished = {\url{http://agner.org/optimize/#manuals} [last accessed: \today{}]}
}

@misc{fog2011instructiontables,
  author = {Fog, Agner},
  title = {Instruction tables: Lists of instruction latencies, throughputs and micro-operation breakdowns for Intel, AMD and VIA CPUs},
  year = {2011},
  howpublished = {\url{http://agner.org/optimize/#manuals [last accessed: \today{}]}}
}
